@article{alicki2013entanglement,
  title={Entanglement boost for extractable work from ensembles of quantum batteries},
  author={Alicki, Robert and Fannes, Mark},
  journal={Physical Review Eâ€”Statistical, Nonlinear, and Soft Matter Physics},
  volume={87},
  number={4},
  pages={042123},
  year={2013},
  publisher={APS}
}

@article{campaioli2024colloquium,
  title={Colloquium: quantum batteries},
  author={Campaioli, Francesco and Gherardini, Stefano and Quach, James Q and Polini, Marco and Andolina, Gian Marcello},
  journal={Reviews of Modern Physics},
  volume={96},
  number={3},
  pages={031001},
  year={2024},
  publisher={APS}
}

@article{allahverdyan2004maximal,
  title={Maximal work extraction from finite quantum systems},
  author={Allahverdyan, Armen E and Balian, Roger and Nieuwenhuizen, Th M},
  journal={Europhysics Letters},
  volume={67},
  number={4},
  pages={565},
  year={2004},
  publisher={IOP Publishing}
}

@book{barnett2002methods,
  title={Methods in theoretical quantum optics},
  author={Barnett, Stephen and Radmore, Paul M},
  volume={15},
  year={2002},
  publisher={Oxford University Press}
}

@article{ciccarello2022quantum,
  title={Quantum collision models: Open system dynamics from repeated interactions},
  author={Ciccarello, Francesco and Lorenzo, Salvatore and Giovannetti, Vittorio and Palma, G Massimo},
  journal={Physics Reports},
  volume={954},
  pages={1--70},
  year={2022},
  publisher={Elsevier}
}